<?xml version="1.0" encoding="UTF-8"?><record xmlns="http://www.loc.gov/MARC21/slim" xmlns:cinclude="http://apache.org/cocoon/include/1.0" xmlns:zs="http://www.loc.gov/zing/srw/">
  <leader>01007cz  a2200157n  4500</leader>
  <controlfield tag="001">nr2002035210</controlfield>
  <controlfield tag="003">DLC</controlfield>
  <controlfield tag="005">20120815083542.0</controlfield>
  <controlfield tag="008">020923n| acannaabn          |a ana     c</controlfield>
  <datafield tag="010" ind1=" " ind2=" ">
    <subfield code="a">nr2002035210</subfield>
  </datafield>
  <datafield tag="040" ind1=" " ind2=" ">
    <subfield code="a">CSt</subfield>
    <subfield code="b">eng</subfield>
    <subfield code="c">CSt</subfield>
    <subfield code="d">DLC</subfield>
  </datafield>
  <datafield tag="111" ind1="2" ind2=" ">
    <subfield code="a">Regional Conference on the Relationship Between Land Ownership and Land Use in Emerging Land Markets in East Africa</subfield>
    <subfield code="d">(2000 :</subfield>
    <subfield code="c">Nairobi, Kenya)</subfield>
  </datafield>
  <datafield tag="411" ind1="2" ind2=" ">
    <subfield code="a">Regional Conference on Urban Land Management Practice, Eastern Africa Context</subfield>
  </datafield>
  <datafield tag="411" ind1="2" ind2=" ">
    <subfield code="a">Regional Conference on Urban Land Management Practice in Eastern Africa</subfield>
  </datafield>
  <datafield tag="667" ind1=" " ind2=" ">
    <subfield code="a">THIS 1XX FIELD CANNOT BE USED UNDER RDA UNTIL THIS RECORD HAS BEEN REVIEWED AND/OR UPDATED</subfield>
  </datafield>
  <datafield tag="670" ind1=" " ind2=" ">
    <subfield code="a">Papers presented at the Regional Conference on the Relationship Between Land Ownership and Land Use in Emerging Land Markets in East Africa, 2000</subfield>
    <subfield code="b">(Nairobi, 25-26 February, 2000; Regional Conference on Urban Land Management Practice in Eastern Africa; Regional Conference on Urban Land Management Practice, Eastern Africa Context)</subfield>
  </datafield>
</record>